@online{bertoni2012,
author = "Steven Bertoni",
journal = "Forbes",
publisher = "Forbes",
title = "Spotify's Daniel Ek: The Most Important Man in Music",
url = "http://www.forbes.com/sites/stevenbertoni/2012/01/04/spotifys-daniel-ek-the-most-important-man-in-music/#3fa2bcf22026",
urldate = "2016-12-01",
year = "2012",
month = "01",
day = "04"
}
@book{deakins2012,
author = "David Deakins and Mark Freel",
edition = "6",
isbn = "9780077136451",
publisher = "McGraw-Hill Higher Education",
address = "London",
title = "Entrepreneurship and small firms",
year = "2012",
month = "03",
day = "01"
}
@online{dyer2013,
author = "Nicole Dyer",
organization = "MIT Technology Review",
title = "Innovator Under 35: Daniel Ek, 29 - MIT Technology Review",
url = "http://www2.technologyreview.com/tr35/profile.aspx?TRID=1312",
urldate = "2016-12-01",
year = "2013"
}
@online{griffith2012,
author = "Erin Griffith",
organization = "Pando",
title = {Daniel Ek's ``impossible" thinking started at age 13 with a Web development mini-empire},
url = "https://pando.com/2012/11/08/daniel-eks-impossible-thinking-started-at-age-13-with-a-web-development-mini-empire/",
urldate = "2016-12-01",
year = "2012",
month = "11",
day = "09"
}
@online{lunden2016,
author = "Ingrid Lunden",
organization = "TechCrunch",
title = "Spotify co-founder Martin Lorentzon steps down as chairman, CEO Daniel Ek steps up",
url = "https://techcrunch.com/2016/10/14/spotify-co-founder-martin-lorentzon-steps-down-as-chairman-ceo-daniel-ek-steps-up/",
urldate = "2016-12-01",
year = "2016",
month = "10",
day = "14"
}
@online{shontell2012,
author = "Alyson Shontell",
organization = "Business Insider",
title = "When He Was 13, Spotify's Founder Daniel Ek Started Raking In \$50, 000 Per Month",
url = "http://www.businessinsider.com/spotifys-founder-daniel-eks-first-business-2012-11?IR=T",
urldate = "2016-12-01",
year = "2012",
month = "11",
day = "09"
}