@online{30m_spotify,
	title = {With 30 Million Users, Spotify Is Gaining Subscribers Faster And Faster},
	url = {http://www.forbes.com/sites/hughmcintyre/2016/03/21/with-30-million-users-spotify-is-gaining-subscribers-faster-and-faster/},
	abstract = {Spotify {CEO} and co-founder Daniel Ek announced on his personal Twitter account that the streaming service he runs now has an incredible 30 million subscribers.},
	titleaddon = {Forbes},
	author = {{McIntyre}, Hugh},
	date = {2016-03-21},
	urldate = {2016-12-01},
}


@online{40m_spotify,
	title = {Spotify Passes 40 Million Subscriber Mark, Crushes Apple Music},
	url = {http://www.forbes.com/sites/shelbycarpenter/2016/09/14/spotify-40-million-subscribers-apple-music/},
	abstract = {A Tweet by Spotify {CEO} Daniel Ek revealed the company now has over 40 million paying subscribers. This puts it far ahead of Apple Music, which has just 17 million subscribers today.},
	titleaddon = {Forbes},
	author = {Carpenter, Shelby},
	urldate = {2016-12-01},
}

@article{100m_spotify,
	title = {Spotify crosses 100m users},
	url = {http://www.telegraph.co.uk/technology/2016/06/20/spotify-crosses-100m-users/},
	abstract = {Spotify has confirmed that it has more than 100m monthly active users on its music streaming service today.},
	journaltitle = {The Telegraph},
	author = {Murgia, Madhumita},
	urldate = {2016-12-01},
	date = {2016-06-20},
	keywords = {Apps, Companies, Music, Spotify, Standard, Startups, Technology, Technology Editor's Choice},
}

@online{spotify_story_so_far,
	title = {Spotify: The story so far - {TNW} Europe},
	url = {http://thenextweb.com/eu/2011/07/14/spotify-the-story-so-far/},
	shorttitle = {Spotify},
	abstract = {Spotify: The story so far},
	titleaddon = {The Next Web},
	author = {Sawers, Paul},
	urldate = {2016-12-01},
	date = {2011-07-14}
}

@online{spotify_whois,
	title = {Spotify.com {WHOIS}, {DNS}, \& Domain Info - {DomainTools}},
	url = {http://whois.domaintools.com/spotify.com},
	author = {{ICANN}},
	urldate = {2016-12-01},
	date = {2016-12-01}
}

@online{wired_influencer,
	title = {Daniel Ek: Europe's greatest digital influencer tops Wired 100},
	url = {http://www.wired.co.uk/article/wired-100-daniel-ek},
	shorttitle = {Daniel Ek},
	abstract = {Presenting Europe's greatest digital influencer -- as decided by the continent's best connected, most successful innovators, entrepreneurs and investors},
	titleaddon = {{WIRED} {UK}},
	author = {Rowan, David},
	urldate = {2016-12-02},
	date = {2014-05-16}
}

@online{ft_spotify,
	title = {Euro tech special: The music man},
	url = {https://www.ft.com/content/a50ee716-0e2c-11e5-8ce9-00144feabdc0},
	shorttitle = {Euro tech special},
	abstract = {Daniel Ek's plan to create a universal jukebox revolutionised the music industry. The founder of Spotify talks about what comes next},
	titleaddon = {Financial Times},
	author = {Ahmed, Murad},
	urldate = {2016-12-02},
	date = {2015-06-19}
}


@online{guardian_swift,
	title = {Taylor Swift takes a stand over Spotify music royalties {\textbar} Music {\textbar} The Guardian},
	url = {https://www.theguardian.com/music/2014/nov/04/taylor-swift-spotify-streaming-album-sales-snub},
	abstract = {Singer's move condemned by some as shortsighted, but others see it as a savvy way to drive up album sales},
	author = {Ellis-Petersen, Hannah},
	urldate = {2016-12-02},
	date = {2014-11-05}
}

@article{guardian_save_or_destroy,
	title = {Is Daniel Ek, Spotify founder, going to save the music industry {\ldots} or destroy it?},
	issn = {0261-3077},
	url = {https://www.theguardian.com/technology/2013/nov/10/daniel-ek-spotify-streaming-music},
	abstract = {Swedish entrepreneur tells record labels that the best way to survive is to give everything away for free. Most have signed up - but many are yet to be convinced},
	journaltitle = {The Guardian},
	author = {Lynskey, Dorian},
	urldate = {2016-12-02},
	date = {2013-11-10},
	langid = {british},
	keywords = {Daniel Ek, Digital music and audio, Internet, Spotify, Technology}
}


@online{apple_music_launch,
	title = {Apple Music is "the next chapter in music" debuts June 30},
	url = {http://arstechnica.com/apple/2015/06/apple-music-is-the-next-chapter-in-music/},
	abstract = {New streaming service will start "in over 100 countries," starts at \$10/month.},
	titleaddon = {Ars Technica},
	author = {Machkovech, Sam},
	urldate = {2016-12-02},
	date = {2015-06-08}
}

@online{amazon_music_launch,
	title = {Amazon's full on-demand streaming music service launches today},
	url = {http://www.theverge.com/2016/10/12/13244158/amazon-music-unlimited-launch-echo-availability-price},
	abstract = {Amazon's long-rumored on-demand music streaming service is now available. The company is launching its new service as Amazon Music Unlimited, a on-demand competitor to the likes of Spotify, Apple...},
	titleaddon = {The Verge},
	author = {Seifert, Dan},
	urldate = {2016-12-02},
	date = {2016-10-12}
}

@online{google_music_launch,
	title = {Music Beta by Google to Launch Without Licenses},
	url = {http://www.pcworld.com/article/227507/Music_Beta_by_Google_to_Launch_Without_Licenses.html},
	abstract = {Music Beta will be free for {US} users who get an invite from Google, with priority given to those with the Verizon version of the Motorola Xoom tablet and to attendees of today's I/O conference.},
	titleaddon = {{PCWorld}},
	author = {Slattery, Brennon},
	urldate = {2016-12-02},
	date = {2011-05-10}
}


@online{google_music_all_access_launch,
	title = {Google Launches "Google Play Music All Access" On-Demand \$9.99 A Month Subscription Service},
	url = {http://social.techcrunch.com/2013/05/15/google-play-music-all-access/},
	abstract = {Google just launched an on-demand subscription music service at I/O called "Google Play Music All Access". Its web and mobile interfaces feature millions of..},
	titleaddon = {{TechCrunch}},
	author = {Constine, Josh},
	urldate = {2016-12-02},
	date = {2013-05-15}
}

@online{deezer_launch,
	title = {Deezer: Profitability Down the Line?},
	url = {http://www.inaglobal.fr/en/music/article/deezer-profitability-down-line},
	shorttitle = {Deezer},
	abstract = {Launched in 2007, the French music streaming platform seems to have made a success of pay subscriptions, thanks to a partnership with Orange. Deezer is now setting its sights on the international market.},
	titleaddon = {{InaGlobal}},
	author = {Rozat, Pascal},
	urldate = {2016-12-02},
	date = {2011-08-19}
}

@online{tidal_launch,
	title = {The most pretentious lines from the Tidal launch},
	url = {http://www.independent.co.uk/arts-entertainment/music/news/tidal-launch-the-most-pretentious-lines-from-alicia-keys-valedictory-speech-10145934.html},
	abstract = {Jay Z launched his artist-owned streaming service Tidal in New York last night with all the rhetoric of a campaign promoting social justice.},
	titleaddon = {The Independent},
	author = {Wyatt, Daisy},
	urldate = {2016-12-02},
	date = {2015-03-31}
}

@online{deezer_us_launch,
	title = {Deezer Launches In The U.S., But Does Anybody Care?},
	url = {http://www.forbes.com/sites/bobbyowsinski/2016/07/21/deezer-launches-united-states/},
	abstract = {At long last Deezer has launched in the United States, but does the streaming service have enough that differentiates it from the competition?},
	titleaddon = {Forbes},
	author = {Owsinski, Bobby},
	urldate = {2016-12-02},
	date = {2016-07-21}
}


@online{tidal_launch_issues,
	title = {Where Tidal went wrong - Business Insider},
	url = {http://uk.businessinsider.com/where-tidal-went-wrong-2015-8?r=US&IR=T},
	abstract = {Streaming expert: Tidal was doomed by its star-studded launch},
	titleaddon = {Where Tidal went wrong - Business Insider},
	author = {Lyles, Travis},
	urldate = {2016-12-02},
	date = {2015-08-06}
}


@article{tidal_original_launch,
	title = {Tidal launches lossless music streaming in {UK} and {US}},
	url = {http://www.telegraph.co.uk/technology/news/11192375/Tidal-launches-lossless-music-streaming-in-UK-and-US.html},
	abstract = {High-quality music streaming service catering to audiophiles launches in {UK} and {US}, offering 25m tracks at {CD} quality, as well as curated playlists to lure in new customers},
	author = {Sparkes, Matthew},
	urldate = {2016-12-02},
	date = {2014-10-28}
}


@article{music_streaming_guardian,
	title = {Which is the best music streaming service?},
	issn = {0261-3077},
	url = {https://www.theguardian.com/technology/2016/feb/16/which-is-the-best-music-streaming-service-spotify-apple-music},
	abstract = {We compare Spotify, Apple Music, Google Play Music, Deezer and Amazon Prime Music to see which hit the right notes for your on-demand listening},
	journaltitle = {The Guardian},
	author = {Dredge, Stuart},
	urldate = {2016-12-02},
	date = {2016-02-16},
	langid = {british},
	keywords = {Amazon.com, Apple, Apple Music, Culture, Digital music and audio, Google, Media, Music, Spotify, Technology}
}


@online{jforsterinterview1,
	title = {The story of Daniel Ek - Mr Spotify {\textbar} Nyheter {\textbar} Expressen},
	url = {http://www.expressen.se/nyheter/the-story-of-daniel-ek--mr-spotify/},
	titleaddon = {The story of Daniel Ek - Mr Spotify},
	author = {Roos, Malin},
	urldate = {2016-12-05},
	date = {2015-01-05}
}

@online{jforsterinterview2,
	title = {Interview with vice-president: Spotify, a music streaming service going for broke},
	author = {{Luxemburger Wort}},
	url = {http://www.wort.lu/en/culture/interview-with-vice-president-spotify-a-music-streaming-service-going-for-broke-54ffe30a0c88b46a8ce55249},
	shorttitle = {Interview with vice-president},
	abstract = {The Swedish startup that revolutionised digital music has a blanket response to claims that it pays artists a mere pittance: "two billion dollars".},
	titleaddon = {Wort.lu},
	urldate = {2016-12-05},
	date = {2015-03-11}
}

@online{forster_linkedin,
	title = {Jonathan Forster {\textbar} {LinkedIn}},
	url = {https://www.linkedin.com/in/jforster},
	titleaddon = {{LinkedIn}},
	author = {Forster, Jonathan},
	urldate = {2016-12-05},
	date = {2016-12-05}
}

@online{ft_lunch_ek,
	title = {Lunch with the {FT}: Daniel Ek},
	url = {https://www.ft.com/content/ca45f6b8-25bd-11e3-aee8-00144feab7de},
	shorttitle = {Lunch with the {FT}},
	abstract = {The founder of Spotify talks about 'stupid mistakes', changing the music business and why 'screwed-up' healthcare might be next. Plus, listen to his current top 10 favourite tracks},
	titleaddon = {Financial Times},
	author = {Edgecliffe-Johnson, Andrew},
	urldate = {2016-12-05},
	date = {2013-09-27}
}

@online{spotify_shut_down_p2p,
	title = {Spotify to shut down its old P2P network to prevent music from eating your bandwidth},
	url = {http://www.digitaltrends.com/music/spotify-shuts-p2p-network-prevent-music-eating-bandwidth/},
	abstract = {According to {TorrentFreak}, Spotify will soon move away from using P2P networks, and will instead stream music from its own servers. This means less hassle for you if you're worried about bandwidth.},
	titleaddon = {Digital Trends},
	author = {Bautista, Christian Brazil},
	urldate = {2016-12-05},
	date = {2014-04-18}
}

@online{how_spotify_works,
	title = {Spotify Technology: How Spotify Works {\textbar} Pansentient League},
	url = {http://pansentient.com/2011/04/spotify-technology-some-stats-and-how-spotify-works/},
	shorttitle = {Spotify Technology},
	abstract = {{CAUTION} - {THIS} {PAGE} {IS} {PROBABLY} {NOW} {OUT}-{OF}-{DATE} Spotify uses some particularly clever streaming technology to deliver all that instant music. It's been},
	author = {{afront}},
	urldate = {2016-12-05},
	date = {2016}
}

@online{pandora_subscription,
	title = {Pandora is almost ready to launch its music subscription service},
	url = {http://www.theverge.com/2016/9/13/12901408/pandora-music-subscription-service-umg-sony},
	abstract = {Pandora is getting closer to becoming the latest company to jump in the \$10-a-month, all-you-can-eat music streaming world. The radio service has signed licensing deals with Universal Music Group,...},
	titleaddon = {The Verge},
	author = {Singleton, Micah},
	urldate = {2016-12-05},
	date = {2016-09-13}
}

@online{siliconangle_spotify_google_cloud,
	title = {Spotify to abandon own hosting infrastructure and move to Google Cloud},
	url = {http://siliconangle.com/blog/2016/02/23/spotify-to-abandon-own-hosting-infrastructure-and-move-to-google-cloud/},
	abstract = {In a coup for Google, Inc., music streaming firm Spotify {AB} has announced it's moving its service to the Google Cloud. Founded in 2006, Spotify has until now hosted its service by itself in data centers in its native Stockholm, as well as the United Kingdom and the United States, but has decided that the {\ldots}},
	author = {Riley, Duncan},
	urldate = {2016-12-05},
	date = {2016-02-23}
}

@online{spotify_announce_google_cloud,
	title = {Announcing Spotify Infrastructure's Googley Future},
	url = {https://news.spotify.com/uk/2016/02/23/announcing-spotify-infrastructures-googley-future/},
	abstract = {As a company most often associated with amazing music recommendations and awesome parties (not to mention life-changing employee benefits), it's rare that we get to talk about the exciting world of technical infrastructure - the real power behind the music - but today is {\ldots}},
	titleaddon = {News},
	author = {Harteau, Nicholas},
	urldate = {2016-12-05},
	date = {2016-02-23}
}

@online{forbes_why_spotify_google_cloud,
	title = {Why Spotify Really Decided To Move Its Core Infrastructure To Google Cloud},
	url = {http://www.forbes.com/sites/alexkonrad/2016/02/29/why-spotify-really-chose-google-cloud/#144dc5b81eed},
	titleaddon = {Forbes},
	author = {Konrad, Alex},
	urldate = {2016-12-05},
	date = {2016-02-29}
}

@online{dependent_on_suppliers,
	title = {Is Your Business Too Dependent On Its Suppliers?},
	url = {http://www.productiveflourishing.com/is-your-business-too-dependent-on-its-suppliers/},
	abstract = {It's easy for our own strategy to be determined by what our suppliers are doing. If we become too dependent, we risk having our strategy set by our suppliers.},
	titleaddon = {Productive Flourishing},
	author = {Gilkey, Charlie},
	urldate = {2016-12-05},
	date = {2011-04-23}
}

@online{google_lures_spotify,
	title = {Google Cloud Lures Amazon Web Services Customer Spotify - {WSJ}},
	url = {http://www.wsj.com/articles/google-cloud-lures-amazon-web-services-customer-spotify-1456270951},
	titleaddon = {The Wall Street Journal},
	author = {Greene, Jay},
	urldate = {2016-12-05},
	date = {2016-02-23}
}

@online{spotify_lapsed_music_labels,
	title = {Spotify is out of contract with all three major labels - and wants to pay them less - Music Business Worldwide},
	url = {http://www.musicbusinessworldwide.com/spotify-contract-three-major-labels-wants-pay-less/},
	titleaddon = {Music Business Worldwide},
	author = {Ingham, Tim},
	urldate = {2016-12-05},
	date = {2016-08-22}
}

@online{broken_music_industry,
	title = {Spotify's Financial Results Reinforce Just How Broken the Music Business Is},
	url = {http://fortune.com/2016/05/24/spotify-financials/},
	abstract = {Revenues grew last year, but payments to record labels grew even faster.},
	titleaddon = {Fortune},
	author = {Ingram, Mathew},
	urldate = {2016-12-05},
	date = {2016-05-24}
}

@online{spotify_losses,
	title = {Spotify Losses Accelerate as Revenue Grows to \$1.22 Billion},
	url = {http://www.billboard.com/articles/business/6561113/spotify-losses-accelerate-as-revenue-grows-to-122-billion},
	abstract = {Revenue for the world's largest music subscription service rose 45 percent to €1.08 billion (\$1.22 billion), according to various reports regarding the company's financial statement.},
	titleaddon = {Billboard},
	author = {Peoples, Glenn},
	urldate = {2016-12-05},
	date = {2015-05-09}
}

@book{world_energy_stats,
	edition = {2016},
	title = {World Energy Statistics 2016},
	isbn = {978-92-64-26147-1},
	pagetotal = {780},
	publisher = {Organization for Economic Co-operation and Development},
	author = {{International Energy Agency}}
}

@online{spotify_green_pro,
	title = {Spotify is an act for greener music listening},
	url = {https://community.spotify.com/t5/Spotify-Community-Blog/Spotify-is-an-act-for-greener-music-listening/ba-p/190578},
	abstract = {I think this aspect has been in the shadow, but it's really worth a highlight. The rise of Spotify as service has not only help change the way we consume music, provided a legal alternative to piracy and liberise the music market, we should also treat us as a real heroes. By using Spotify instead...},
	author = {{krikelin}},
	urldate = {2016-12-05},
	date = {2012-11-06}
}

@article{internet_isnt_so_clean,
	title = {The Internet Isn't So Clean},
	issn = {0040-781X},
	url = {http://time.com/46777/your-data-is-dirty-the-carbon-price-of-cloud-computing/},
	abstract = {Cloud computing uses a lot of power—and a lot of it is dirty},
	journaltitle = {Time},
	author = {Walsh, Bryan},
	urldate = {2016-12-05},
	date = {2014-04-02},
	keywords = {amazon, Apple, carbon, climate change, digital cloud, efficiency, electricity, facebook, Google, Internet}
}


@article{google_renewable,
	title = {Google Says It Will Run Entirely on Renewable Energy in 2017},
	issn = {0362-4331},
	url = {http://www.nytimes.com/2016/12/06/technology/google-says-it-will-run-entirely-on-renewable-energy-in-2017.html},
	abstract = {The internet giant has spent years migrating the source of electric power at its giant data centers to sources like wind turbines and solar panels.},
	journaltitle = {The New York Times},
	author = {Hardy, Quentin},
	urldate = {2016-12-07},
	date = {2016-12-06}
}


@article{telegraph_top_10_highlights_2009,
	title = {Top 10 technology highlights of 2009},
	author = {{The Telegraph}},
	url = {http://www.telegraph.co.uk/technology/6817359/Top-10-technology-highlights-of-2009.html},
	abstract = {The world went app mad, Twitter and Android went mainstream and the video-on-demand market exploded in the {UK}.},
	urldate = {2016-12-08},
	date = {2009-12-15},
	keywords = {Technology}
}

@online{spotify_mobile_release,
	title = {Spotify Mobile},
	url = {https://news.spotify.com/us/2009/09/06/spotify-mobile/},
	abstract = {YouÔÇÖve seen the demos, weÔÇÖve gotten the approvals and now Spotify is mobile . Today weÔÇÖre really excited to announce that Spotify is available to our premium subscribers for the {iPhone}, {iPod} Touch and Android platforms. The Spotify app is downloadable in both Apple's App Store and the Android Market. We've worked hard to bringÔÇª},
	titleaddon = {News},
	author = {{spotifysehr}},
	urldate = {2016-12-08},
	date = {2009-09-06}
}

@online{apple_app_store_first_weekend,
	title = {Apple - Press Info - {iPhone} App Store Downloads Top 10 Million in First Weekend},
	url = {http://www.apple.com/pr/library/2008/07/14iPhone-App-Store-Downloads-Top-10-Million-in-First-Weekend.html},
	titleaddon = {Apple},
	author = {{Apple}},
	urldate = {2016-12-08},
	date = {2008-07-14}
}


@online{androind_market_release,
	title = {Android Market: Now available for users},
	url = {http://android-developers.blogspot.com/2008/10/android-market-now-available-for-users.html},
	shorttitle = {Android Market},
	abstract = {Last month I outlined some details  around Android Market. Today, Android Market launched for users to download applications along with the ...},
	author = {Chu, Eric},
	urldate = {2016-12-08},
	date = {2008-10-22}
}


@online{spotify_legal_question,
	title = {What makes Spotify legal but a free music download site illegal? - Quora},
	url = {https://www.quora.com/What-makes-Spotify-legal-but-a-free-music-download-site-illegal},
	titleaddon = {Quora},
	author = {Johansson, Mattias Petter},
	urldate = {2016-12-08},
	date = {2012-08-02}
}

@online{spotify_legal_tangle_billboard,
	title = {Spotify's \$150 Million Legal Tangle Explained {\textbar} Billboard},
	url = {http://www.billboard.com/articles/business/6836005/spotify-150-million-lawsuit-explained},
	titleaddon = {Billboard},
	author = {Peoples, Glenn},
	urldate = {2016-12-08},
	date = {2016-01-07}
}

@online{spotify_just_begin,
	title = {We've only just begun!},
	url = {https://news.spotify.com/uk/2008/10/07/weve-only-just-begun/},
	abstract = {We've been looking forward to posting this message for quite some time now. This morning we announced that we have signed groundbreaking licensing deals with a list of companies that include Universal Music Group, Sony {BMG}, {EMI} Music, Warner Music Group, Merlin, The Orchard and Bonnier Amigo.What this means to us, is that after justÔÇª},
	titleaddon = {News},
	author = {spotifysehr and {The Spotify Team}},
	urldate = {2016-12-08},
	date = {2008-10-07}
}

@online{spotify_victory_records_removal,
	title = {Spotify Removes Victory Records Catalog},
	url = {http://www.stereogum.com/1838723/spotify-removes-victory-records-catalog/news/},
	abstract = {Last night, Spotify pulled all songs by artists signed to Victory Records from its {US} service, The Wall Street Journal reports. The removal comes in the midst of a dispute over publishing royalties that Victory's sister company, Another Victory Music Publishing, claims it is owed by Spotify. Based on information revealed in an audit by Audiam Inc., Another Victory is saying that Spotify hasn't paid royalties for millions of streams of the thousands of songs in the label's catalog. "Spotify has pulled down the Victory Records sound recordings in response to us asking for them to pay for the 53 million streams that have not yet been paid on," Audiam {CEO} Jeff Price said on Monday night. Spotify's global head of communications and public policy, Jonathan Prince, says that Another Victory and Audiam haven't provided enough data to substantiate their claims. "Given that we don't have that information, we felt we had no choice but to temporarily take down their content until we can come to a},
	titleaddon = {Stereogum},
	author = {Helman, Peter},
	urldate = {2016-12-08},
	date = {2015-10-20}
}

@online{spotify_royalties_database,
	title = {Spotify Artists - Blog - Spotify Songwriters and Publishers Administration System},
	url = {https://artists.spotify.com/blog/spotify-songwriters-and-publishers-administration-system},
	titleaddon = {Spotify Artists},
	author = {{Spotify}},
	urldate = {2016-12-08},
	date = {2015-12-07}
}

@online{spotify_royalties_database_billboard,
	title = {Spotify Announces Database to Properly Manage Royalties},
	url = {http://www.billboard.com/articles/business/6820925/spotify-publishing-database-royalties},
	abstract = {Spotify's global head of publisher relations James Duffett-Smith says the company will invest in the resources and technical expertise to build a comprehensive publishing administration system to solve this problem.},
	titleaddon = {Billboard},
	author = {Christman, Ed},
	urldate = {2016-12-08},
	date = {2015-12-23}
}


@online{spotify_second_lawsuit,
	title = {Spotify hit with second {US} songwriter lawsuit - this time for \$200m},
	url = {http://www.musicbusinessworldwide.com/spotify-hit-with-second-songwriter-lawsuit-in-the-us/},
	abstract = {Melissa Ferrick files suit weeks after David Lowery},
	titleaddon = {Music Business Worldwide},
	author = {Ingham, Tim},
	urldate = {2016-12-08},
	date = {2016-01-09}
}

@article{spotify_publishers_settlement,
	title = {Spotify Reaches Settlement With Publishers in Licensing Dispute},
	issn = {0362-4331},
	url = {http://www.nytimes.com/2016/03/18/business/media/spotify-reaches-settlement-with-publishers-in-licensing-dispute.html},
	abstract = {According to several people involved with the settlement on both sides, Spotify will pay over \$20 million to settle the case.},
	journaltitle = {The New York Times},
	author = {Sisario, Ben},
	urldate = {2016-12-08},
	date = {2016-03-17},
	keywords = {Audio Recordings, Downloads and Streaming, Copyrights and Copyright Violations, Music, National Music Publishers' Assn, Royalties, Spotify}
}


@book{scrum_paper,
	title = {Business Object Design and Implementation: {OOPSLA}'95 Workshop Proceedings 16 October 1995, Austin, Texas},
	isbn = {3-540-76096-2},
	publisher = {Springer Science \& Business Media},
	author = {Sutherland, Jeffrey V and Patel, Dilip and Casanave, Cory and Miller, Joaquin and Hollowell, Glenn},
	date = {2012}
}

@online{spotify_agile,
	title = {Crisp's Blog ┬╗ Scaling Agile @ Spotify with Tribes, Squads, Chapters \& Guilds},
	url = {http://blog.crisp.se/2012/11/14/henrikkniberg/scaling-agile-at-spotify},
	titleaddon = {Crisp's Blog},
	author = {Kniberg, Henrik},
	urldate = {2016-12-09},
	date = {2012-11-14}
}

@online{spotify_eng_culture_1,
	title = {Spotify engineering culture (part 1) {\textbar} Labs},
	url = {https://labs.spotify.com/2014/03/27/spotify-engineering-culture-part-1/},
	titleaddon = {Spotify Labs},
	author = {Kniberg, Henrik},
	urldate = {2016-12-09},
	date = {2014-03-27}
}

@online{spotify_eng_culture_2,
	title = {Spotify engineering culture (part 2) {\textbar} Labs},
	url = {https://labs.spotify.com/2014/09/20/spotify-engineering-culture-part-2/},
	titleaddon = {Spotify Labs},
	author = {Kniberg, Henrik},
	urldate = {2016-12-09},
	date = {2014-09-20}
}

@report{scrumalliance_membership_2014,
	title = {Membership Statistics},
	url = {https://www.scrumalliance.org/scrum/media/ScrumAllianceMedia/Files\%20and\%20PDFs/Why\%20Scrum/October2014-Class-Certification-Stats.pdf},
	author = {{Scrum Alliance}},
	urldate = {2016-12-10},
	date = {2014-10-29}
}

@misc{spotify_agile_article,
	title = {Scaling Agile @ Spotify with Tribes, Squads, Chapters \& Guilds},
	url = {https://dl.dropboxusercontent.com/u/1018963/Articles/SpotifyScaling.pdf},
	author = {Kniberg, Henrik and Ivarsson, Anders},
	urldate = {2014-10-29},
	date = {2012-10}
}

@online{emulating_spotifys_matrix,
	title = {Thoughts on emulating Spotify's matrix organization in other companies},
	url = {http://blog.kevingoldsmith.com/2014/03/14/thoughts-on-emulating-spotifys-matrix-organization-in-other-companies/},
	titleaddon = {Puppies, Flowers, Rainbows and Kittens},
	author = {Goldsmiths, Kevin},
	urldate = {2016-12-10},
	date = {2014-03-14}
}

@online{how_spotify_scales,
	title = {Here's How Spotify Scales Up And Stays Agile: It Runs 'Squads' Like Lean Startups {\textbar} {TechCrunch}},
	url = {https://techcrunch.com/2012/11/17/heres-how-spotify-scales-up-and-stays-agile-it-runs-squads-like-lean-startups/},
	titleaddon = {{TechCrunch}},
	author = {Lunden, Ingrid},
	urldate = {2016-12-10},
	date = {2012-11-17}
}

@online{scaling_agile_spotify_scrum,
	title = {Scaling Agile Using Spotify's Framework},
	url = {https://www.scrumalliance.org/community/articles/2015/december/scaling-agile-using-spotify-s-framework},
	titleaddon = {Scrum Alliance},
	author = {Venkatesan, Vishal},
	urldate = {2016-12-10},
	date = {2015-12-24}
}

@article{spotify_japan_launch,
	title = {Spotify Debuts in Japan, Complete With Karaoke Lyrics},
	url = {https://www.bloomberg.com/news/articles/2016-09-29/spotify-brings-online-music-service-to-3-billion-japan-market},
	abstract = {Spotify Ltd.┬áis bringing its popular online music service to Japan, a large and lucrative market where fans have demonstrated a continuing fondness for {CDs} and even vinyl records.},
	journaltitle = {Bloomberg.com},
	author = {Nakamura, Yuji},
	urldate = {2016-12-10},
	date = {2016-09-29}
}

@article{spotify_playstation_music_launch,
	title = {Sony launches Spotify-powered {PlayStation} Music streaming service},
	issn = {0261-3077},
	url = {https://www.theguardian.com/technology/2015/mar/30/sony-spotify-playstation-music-streaming},
	abstract = {ÔÇÿItÔÇÖs a third-party service given first-party priority on the platform,ÔÇÖ says Sony of new {PlayStation} 4 and {PlayStation} 3 partnership},
	journaltitle = {The Guardian},
	author = {Dredge, Stuart},
	urldate = {2016-12-10},
	date = {2015-03-30},
	langid = {british},
	keywords = {Digital music and audio, Games, Internet, Media, {PlayStation}, Sony, Spotify, Technology}
}