@misc{Alexander2013,
abstract = {Swedish entrepreneur who in 2006 cofounded Spotify, the Internet music-streaming service that provides listeners with legal, ad-supported access to millions of songs, rejecting...},
author = {Alexander, Steve},
title = {{Daniel Ek | Swedish entrepreneur | Britannica.com}},
url = {https://www.britannica.com/biography/Daniel-Ek},
urldate = {2016-12-05},
year = {2013}
}
@misc{Arrington2009,
abstract = {Has European music startup Spotify finally figured out the online music business? Some big investors seem to think so. Rumors surfaced today that the company is raising a new round of financing of {\$}50 million or so, at valuation of {\$}250 million. We've confirmed those rumors from a source close to the company, and have uncovered lots more information about the secretive startup.},
author = {Arrington, Michael},
booktitle = {TechChrunch},
title = {{Spotify Closing New Financing At €200 Million Valuation; Music Labels Already Shareholders | TechCrunch}},
url = {https://techcrunch.com/2009/08/04/spotify-closing-new-financing-at-e200-million-valuation-music-labels-already-shareholders/},
urldate = {2016-12-12},
year = {2009}
}
@misc{Brodkin2016,
abstract = {Netflix has been moving huge portions of its streaming operation to Amazon Web Services (AWS) for years now, and it says it has finally completed its giant shift to the cloud. “We are happy to report that in early January of 2016, after seven years of diligent effort, we have finally completed our cloud migration and shut down the last remaining data center bits used by our streaming service,” Netflix said in a blog post that it plans to publish at noon Eastern today.},
author = {Brodkin, Jon},
booktitle = {Ars Technica UK},
title = {{Netflix finishes its massive migration to the Amazon cloud | Ars Technica UK}},
url = {http://arstechnica.co.uk/information-technology/2016/02/netflix-finishes-its-massive-migration-to-the-amazon-cloud/},
urldate = {2016-12-08},
year = {2016}
}
@misc{Broeders2016,
author = {Broeders, Joanne},
booktitle = {Crunchbase},
title = {{Oct 1, 2008: Spotify - Funding Round - Series A | crunchbase}},
url = {https://www.crunchbase.com/funding-round/7f0487ac777d10f7bb27b4f98df56bc5},
urldate = {2016-12-08},
year = {2016}
}
@misc{JordanCrook2015,
abstract = {A Brief History Of Spotify},
author = {Crook, Jordan and Fitz, Tepper},
booktitle = {TechChrunch},
title = {{A Brief History Of Spotify | TechCrunch}},
url = {https://techcrunch.com/gallery/a-brief-history-of-spotify},
year = {2015}
}
@misc{Davidson2015,
abstract = {Spotify has reportedly closed a {\$}526m ({\pounds}341m) round of funding that values the company at {\$}8.53bn ({\pounds}5.53bn) just days after Apple launched its hotly-anticipated rival to the music streaming service.},
author = {Davidson, Lauren},
booktitle = {Telegraph},
title = {{Spotify valued at {\$}8.53bn valuation after fresh funding round - Telegraph}},
url = {http://www.telegraph.co.uk/finance/newsbysector/mediatechnologyandtelecoms/11664186/Spotify-hits-8.53bn-valuation-after-fresh-funding-round.html},
urldate = {2015-12-05},
year = {2015}
}
@misc{Ellis-Petersen2014,
abstract = {Singer's move condemned by some as shortsighted, but others see it as a savvy way to drive up album sales},
author = {Ellis-Petersen, Hannah},
booktitle = {The Guardian},
title = {{Taylor Swift takes a stand over Spotify music royalties | Music | The Guardian}},
url = {https://www.theguardian.com/music/2014/nov/04/taylor-swift-spotify-streaming-album-sales-snub},
urldate = {2016-12-12},
year = {2014}
}
@misc{Fisque2013,
abstract = {Today after the press conference the website got updated and Unlimited is now no longer an option for new users. You have Free and you have Premium as your choices for a subscription. I myself am currently a Spotify Unlimited user since I use Spotify on my computer exclusively.},
author = {Fisque},
booktitle = {Spotify Community},
title = {{Solved: Unlimited, apparently a thing of the past. - The Spotify Community}},
url = {https://community.spotify.com/t5/Accounts-and-Subscriptions/Unlimited-apparently-a-thing-of-the-past/td-p/615652},
urldate = {2016-12-12},
year = {2013}
}
@misc{Garcia2013,
abstract = {In this talk Emil Fredriksson and David Poblador i Garcia explain how Spotify builds its infrastructure in order to deliver millions of songs to millions of users. We explain how we manage to support our development teams to build features by developing a highly scalable infrastructure.},
author = {Garcia, David Poblador i},
booktitle = {SlideShare},
title = {{Spotify: Data center {\&} Backend buildout}},
url = {http://www.slideshare.net/davidpoblador/spotify-bcn2013slideshare},
urldate = {2016-12-08},
year = {2013}
}
@misc{Github2016,
author = {Github},
title = {{spotify/helios: Docker container orchestration platform}},
url = {https://github.com/spotify/helios},
urldate = {2016-12-09},
year = {2016}
}
@misc{Glenday2016,
author = {Glenday, John},
booktitle = {The Drum},
title = {{High flying Spotify sales exec Jonathan Forster departs | Digital | The Drum}},
url = {http://www.thedrum.com/news/2016/09/13/high-flying-spotify-sales-exec-jonathan-forster-departs},
urldate = {2016-12-06},
year = {2016}
}
@misc{Henderson2016,
abstract = {Streaming music service Spotify is migrating its infrastructure to Google Cloud Platform, the company announced this week, calling the move a “no-brainer,” due to the balance of high quality, performance, and low-cost storage, computing, and networking services shifting in favor of cloud. Like any complex migration, however, it is expected to take time.},
author = {Henderson, Nicole},
title = {{Spotify Ditches Own Data Centers in Favor of Google Cloud | Data Center Knowledge}},
url = {http://www.datacenterknowledge.com/archives/2016/02/26/spotify-ditches-its-data-centers-plans-migration-to-google-cloud-platform/},
urldate = {2016-12-08},
year = {2016}
}
@misc{Jerrang2009,
abstract = {Aff{\"{a}}rer {\&} f{\"{o}}retag H{\"{a}}r {\"{a}}r l{\"{o}}sningen till g{\aa}tan hur Spotify lyckats f{\aa} skivbolagen att sl{\"{a}}ppa miljoner l{\aa}tar till tj{\"{a}}nsten.},
author = {Jerr{\"{a}}ng, Marcus},
booktitle = {ComputerSweden},
title = {{S{\aa} fick Spotify skivbolagen med sig}},
url = {http://computersweden.idg.se/2.2683/1.239983/sa-fick-spotify-skivbolagen-med-sig},
urldate = {2016-12-12},
year = {2009}
}
@article{Johansson2009,
author = {Johansson, Daniel and Larsson, Markus},
journal = {Royal Institute of Technology},
title = {{The Swedish Music Industry in Graphs Economic Development Report 2000 – 2008}},
url = {http://60eparallele.owni.fr/files/2011/05/swedish{\_}music{\_}industry{\_}2000-2008.pdf},
year = {2009}
}
@misc{Nusca2016,
author = {Nusca, Andrew},
booktitle = {Fortune},
title = {{The Unicorn List - Fortune}},
url = {http://fortune.com/unicorns/},
urldate = {2016-12-05},
year = {2016}
}
@misc{Resnikoff2016,
abstract = {That group that shared these statements was unsigned until just a few months ago.  Now, the group is fast-rising within a specific EDM niche.  While still label-less, they somehow managed to get onto a few Spotify featured playlists.  That's becoming increasingly difficult for smaller artists. Though lightning can strike if the right, influential playlist curator stumbles upon your music.},
author = {Resnikoff, Paul},
booktitle = {Digital Music News},
title = {{My Band Has 1,000,000 Spotify Streams. Want to See Our Royalties?}},
url = {http://www.digitalmusicnews.com/2016/05/26/band-1-million-spotify-streams-royalties/},
urldate = {2016-12-12},
year = {2016}
}
@misc{Reynolds2016,
abstract = {Music streaming company Spotify has raised {\$}1 billion ({\pounds}695 million) in debt financing to take on rivals Apple, Tidal and Google.},
author = {Reynolds, Emily},
booktitle = {Wired},
title = {{Spotify raises {\$}1billion in 'debt financing'}},
url = {http://www.wired.co.uk/article/spotify-finance-one-billion},
year = {2016}
}
@misc{Spotify2016,
abstract = {Spotify Premium.
Only {\pounds}4.99 for students.},
author = {Spotify},
booktitle = {Spotify},
title = {{Spotify}},
url = {https://www.spotify.com/uk/student/},
urldate = {2016-12-12},
year = {2016}
}
@misc{Spotify2016b,
abstract = {Spotify brings you the right music for every moment – on computers, mobiles, tablets, home entertainment systems, cars, gaming consoles and more.

Just search for music you love, or let Spotify play you something great. Create and listen to your playlists for free or subscribe to Premium for on-demand access at the highest audio quality – with zero ads.},
author = {Spotify},
booktitle = {Spotify},
title = {{About |}},
url = {https://press.spotify.com/us/about/},
urldate = {2016-12-12},
year = {2016}
}
@misc{Spotify2016c,
author = {Spotify},
title = {{Contact - Spotify}},
url = {https://www.spotify.com/uk/about-us/contact/},
urldate = {2016-12-08},
year = {2016}
}
@misc{Taube2014,
abstract = {Numerous studies have shown that money alone can't make you happy, and there's no better proof than Spotify founder and CEO Daniel Ek.},
author = {Taube, Aaron},
booktitle = {Business Insider UK},
title = {{Being Rich Made Spotify CEO Daniel Ek Depressed - Business Insider}},
url = {http://uk.businessinsider.com/being-rich-made-spotify-ceo-daniel-ek-depressed-2014-11},
urldate = {2016-12-12},
year = {2014}
}
@misc{Titcomb2016,
abstract = {Spotify has turned the music industry on its head by replacing one-off music downloads with an all-you-can-eat subscription streaming service, but it is yet to prove that it can deliver profits.},
author = {Titcomb, James},
booktitle = {Telegraph},
title = {{Spotify's revenue hits €2bn, but when will it make money?}},
url = {http://www.telegraph.co.uk/technology/2016/05/24/spotifys-revenue-hits-2bn-but-when-will-it-make-money/},
urldate = {2016-12-05},
year = {2016}
}
@misc{Vanlan2015,
abstract = {In late December, CoreOS CEO and container guru Alex Polvi proclaimed in a tweet that he believes 2015 will be the year of the production-ready container, which would be a testament to how fast companies are adopting the technology that promises more portability and less overhead than virtual machines.},
author = {Vanlan, Jonathan},
booktitle = {Gigaom},
title = {{Gigaom | How Spotify is ahead of the pack in using containers}},
url = {https://gigaom.com/2015/02/22/how-spotify-is-ahead-of-the-pack-in-using-containers/},
urldate = {2016-12-09},
year = {2015}
}
